@Article{Rossi,
  author =	 {Rossi, A. and Aubry, A. and Jacomino, M.},
  title =	 {Connectivity-and-hop-constrained design of electricity distribution networks},
  journal =	 {European Journal of Operational Research},
  year =	 2012,
  volume =	 {218},
  pages =	 {48-57}
}

@Book{AMPL,
  author =	 {Fourer, R. and Gay, M. D. and Kernighan, W. B.},
  title =	 {AMPL, A Modeling Language for Mathematical Programming},
  publisher =	 { Brooks/Cole - Thomson Learning},
  year =	 2003
}


